<record><leader>00000cas a2200000 a 4500</leader><controlfield tag="001">11199819</controlfield><controlfield tag="008">840926d18841891mdudr ne      0   a0eng d</controlfield><datafield ind1=" " ind2=" " tag="010"><subfield code="a">sn 84024594 </subfield></datafield><datafield ind1=" " ind2=" " tag="040"><subfield code="a">NPV</subfield><subfield code="b">eng</subfield><subfield code="c">NPV</subfield><subfield code="d">MFN</subfield><subfield code="d">OCL</subfield><subfield code="d">OCLCQ</subfield></datafield><datafield ind1=" " ind2=" " tag="042"><subfield code="a">msc</subfield></datafield><datafield ind1="0" ind2=" " tag="130"><subfield code="a">Cumberland daily times (Cumberland, Md. : 1884)</subfield></datafield><datafield ind1="1" ind2="0" tag="245"><subfield code="a">Cumberland daily times.</subfield></datafield><datafield ind1=" " ind2=" " tag="260"><subfield code="a">Cumberland, Md. :</subfield><subfield code="b">Avirett &amp; Miller</subfield></datafield><datafield ind1=" " ind2=" " tag="300"><subfield code="a">v.</subfield></datafield><datafield ind1=" " ind2=" " tag="310"><subfield code="a">Daily (except Sun.)</subfield></datafield><datafield ind1="1" ind2=" " tag="362"><subfield code="a">Began in 1884? Ceased in 1891?</subfield></datafield><datafield ind1=" " ind2=" " tag="588"><subfield code="a">Description based on: 2nd ser., v. 9, no. 240 (Oct. 17, 1884).</subfield></datafield><datafield ind1=" " ind2=" " tag="752"><subfield code="a">United States</subfield><subfield code="b">Maryland</subfield><subfield code="c">Allegany</subfield><subfield code="d">Cumberland.</subfield></datafield><datafield ind1="0" ind2=" " tag="775"><subfield code="t">Cumberland Alleganian (Cumberland, Md. : 1879)</subfield><subfield code="w">(DLC)sn 88065704</subfield></datafield><datafield ind1="0" ind2="0" tag="780"><subfield code="t">Daily times (Cumberland, Md. : 1881)</subfield><subfield code="w">(DLC)sn 88065712</subfield></datafield><datafield ind1="0" ind2="0" tag="785"><subfield code="t">Evening times (Cumberland, Md.)</subfield><subfield code="w">(DLC)sn 88065713</subfield></datafield></record>